<record><leader>01151cam a2200277 a 4500</leader><controlfield tag="001">1371344</controlfield><controlfield tag="008">910419s1985    au                0 ger c</controlfield><datafield ind1=" " ind2=" " tag="035"><subfield code="a">ocm15186280</subfield></datafield><datafield ind1=" " ind2=" " tag="040"><subfield code="b">eng</subfield></datafield><datafield ind1=" " ind2=" " tag="043"><subfield code="a">e-hu---</subfield></datafield><datafield ind1=" " ind2=" " tag="049"><subfield code="a">AEU</subfield><subfield code="b">eng</subfield></datafield><datafield ind1=" " ind2="3" tag="055"><subfield code="a">HC 300.28</subfield><subfield code="b">F899 1985</subfield></datafield><datafield ind1="0" ind2=" " tag="090"><subfield code="a">HC 300.28 F899 1985</subfield></datafield><datafield ind1="1" ind2=" " tag="100"><subfield code="a">Friedl&#228;nder, Michael.</subfield></datafield><datafield ind1="1" ind2="0" tag="245"><subfield code="a">Ungarns Aussenhandel :</subfield><subfield code="b">Beziehungen zum GATT, dem IWF und der Weltbank /</subfield><subfield code="c">Michael Friedl&#228;nder.</subfield></datafield><datafield ind1=" " ind2=" " tag="260"><subfield code="a">Wien :</subfield><subfield code="b">Wiener Institut f&#252;r Internationale Wirtschaftsvergleiche,</subfield><subfield code="c">1985.</subfield></datafield><datafield ind1=" " ind2=" " tag="300"><subfield code="a">p. [570]-586 ;</subfield><subfield code="c">25 cm.</subfield></datafield><datafield ind1=" " ind2=" " tag="336"><subfield code="a">text</subfield><subfield code="b">txt</subfield><subfield code="2">rdacontent</subfield></datafield><datafield ind1=" " ind2=" " tag="337"><subfield code="a">unmediated</subfield><subfield code="b">n</subfield><subfield code="2">rdamedia</subfield></datafield><datafield ind1=" " ind2=" " tag="338"><subfield code="a">volume</subfield><subfield code="b">nc</subfield><subfield code="2">rdacarrier</subfield></datafield><datafield ind1="1" ind2=" " tag="490"><subfield code="a">Reprint-Serie.</subfield><subfield code="v">79</subfield></datafield><datafield ind1=" " ind2=" " tag="500"><subfield code="a">"Sonderdruck aus: S&#252;dosteuropa. Zeitschrift f&#252;r Gegenwartsforschung. Monatsschrift der Abt. Gegenwartsforschung des S&#252;dost-Instituts, 33. Jahrgang, Heft 10. R. Oldenbourg Verlag, M&#252;nchen 1984."</subfield></datafield><datafield ind1=" " ind2=" " tag="596"><subfield code="a">38</subfield></datafield><datafield ind1=" " ind2="0" tag="651"><subfield code="a">Hungary</subfield><subfield code="x">Foreign economic relations.</subfield></datafield><datafield ind1=" " ind2="0" tag="830"><subfield code="a">Reprint-Serie. ;</subfield><subfield code="v">79.</subfield></datafield><datafield ind1=" " ind2=" " tag="926"><subfield code="a">HC 300.28 F899 1985</subfield><subfield code="w">LC</subfield><subfield code="c">1</subfield><subfield code="i">000036231546</subfield><subfield code="l">ON_SHELF</subfield><subfield code="m">UABARD</subfield><subfield code="p">$150.00</subfield><subfield code="r">Y</subfield><subfield code="s">Y</subfield><subfield code="t">BOOK</subfield><subfield code="u">4/24/1991</subfield><subfield code="o">.STAFF.  B0013815</subfield></datafield></record>